@article{sirinukunwattana2016locality,
	title={Locality sensitive deep learning for detection and classification of nuclei in routine colon cancer histology images},
	author={Sirinukunwattana, Korsuk and Raza, Shan E Ahmed and Tsang, Yee-Wah and Snead, David RJ and Cree, Ian A and Rajpoot, Nasir M},
	journal={IEEE transactions on medical imaging},
	volume={35},
	number={5},
	pages={1196--1206},
	year={2016},
	publisher={IEEE}
}

@inproceedings{shao2018deep,
	title={Deep active learning for nucleus classification in pathology images},
	author={Shao, Wei and Sun, Liang and Zhang, Daoqiang},
	booktitle={2018 IEEE 15th International Symposium on Biomedical Imaging (ISBI 2018)},
	pages={199--202},
	year={2018},
	organization={IEEE}
}

@article{srivastava2014dropout,
	title={Dropout: a simple way to prevent neural networks from overfitting},
	author={Srivastava, Nitish and Hinton, Geoffrey and Krizhevsky, Alex and Sutskever, Ilya and Salakhutdinov, Ruslan},
	journal={The journal of machine learning research},
	volume={15},
	number={1},
	pages={1929--1958},
	year={2014},
	publisher={JMLR. org}
}

@article{zeiler2012adadelta,
	title={Adadelta: an adaptive learning rate method},
	author={Zeiler, Matthew D},
	journal={arXiv preprint arXiv:1212.5701},
	year={2012}
}

@incollection{prechelt1998early,
	title={Early stopping-but when?},
	author={Prechelt, Lutz},
	booktitle={Neural Networks: Tricks of the trade},
	pages={55--69},
	year={1998},
	publisher={Springer}
}

@article{sener2017active,
	title={Active learning for convolutional neural networks: A core-set approach},
	author={Sener, Ozan and Savarese, Silvio},
	journal={arXiv preprint arXiv:1708.00489},
	year={2017}
}

@inproceedings{gal2017deep,
	title={Deep bayesian active learning with image data},
	author={Gal, Yarin and Islam, Riashat and Ghahramani, Zoubin},
	booktitle={International Conference on Machine Learning},
	pages={1183--1192},
	year={2017},
	organization={PMLR}
}