@inproceedings{carse2022calibration,
	title={Calibration of Deep Medical Image Classifiers: An Empirical Comparison Using Dermatology and Histopathology Datasets},
	author={Carse, Jacob and Alvarez Olmo, Andres and McKenna, Stephen},
	booktitle={International Workshop on Uncertainty for Safe Utilization of Machine Learning in Medical Imaging},
	pages={89--99},
	year={2022},
	organization={Springer}
}

@inproceedings{guo2017calibration,
	title={On calibration of modern neural networks},
	author={Guo, Chuan and Pleiss, Geoff and Sun, Yu and Weinberger, Kilian Q},
	booktitle={Proceedings of the 34th International Conference on Machine Learning},
	pages={1321--1330},
	year={2017},
	organization={PMLR}
}

@inproceedings{niculescu2005predicting,
	title={Predicting good probabilities with supervised learning},
	author={Niculescu-Mizil, Alexandru and Caruana, Rich},
	booktitle={Proceedings of the 22nd International Conference on Machine learning},
	pages={625--632},
	year={2005},
	organization={PMLR}
}

@inproceedings{naeini2015obtaining,
	title={Obtaining well calibrated probabilities using {Bayesian} binning},
	author={Naeini, Mahdi Pakdaman and Cooper, Gregory and Hauskrecht, Milos},
	booktitle={Twenty-Ninth AAAI Conference on Artificial Intelligence},
	year={2015}
}

@article{platt1999probabilistic,
	title={Probabilistic outputs for support vector machines and comparisons to regularized likelihood methods},
	author={Platt, John and others},
	journal={Advances in Large Margin Classifiers},
	volume={10},
	number={3},
	pages={61--74},
	year={1999},
	publisher={Cambridge, MA}
}

@article{liu1989limited,
	author={Liu, Dong C and Nocedal, J},
	title = {On the limited memory {BFGS} method for large scale optimization},
	journal = {Mathematical Programming},
	year = {1989},
	volume = {45},
	pages = {503--528}
}

@book{fletcher2013practical,
	title={Practical methods of optimization},
	author={Fletcher, Roger},
	year={2013},
	publisher={John Wiley \& Sons}
}

@inproceedings{szegedy2016rethinking,
	title={Rethinking the inception architecture for computer vision},
	author={Szegedy, Christian and Vanhoucke, Vincent and Ioffe, Sergey and Shlens, Jon and Wojna, Zbigniew},
	booktitle={Proceedings of the IEEE Conference on Computer Vision and Pattern Recognition},
	pages={2818--2826},
	year={2016}
}

@article{muller2019does,
	title={When does label smoothing help?},
	author={M{\"u}ller, Rafael and Kornblith, Simon and Hinton, Geoffrey E},
	journal={Advances in Neural Information Processing Systems},
	volume={32},
	year={2019}
}

@inproceedings{roelofs2022mitigating,
	title={Mitigating bias in calibration error estimation},
	author={Roelofs, Rebecca and Cain, Nicholas and Shlens, Jonathon and Mozer, Michael C},
	booktitle={International Conference on Artificial Intelligence and Statistics},
	pages={4036--4054},
	year={2022},
	organization={PMLR}
}

@inproceedings{zhang2020mix,
	title={Mix-n-match: Ensemble and compositional methods for uncertainty calibration in deep learning},
	author={Zhang, Jize and Kailkhura, Bhavya and Han, T Yong-Jin},
	booktitle={Proceedings of the 37th International Conference on Machine Learning},
	pages={11117--11128},
	year={2020},
	organization={PMLR}
}

@article{parzen1962estimation,
	title={On estimation of a probability density function and mode},
	author={Parzen, Emanuel},
	journal={The Annals of Mathematical Statistics},
	volume={33},
	number={3},
	pages={1065--1076},
	year={1962},
	publisher={JSTOR}
}

@article{de1999use,
	title={On the use of density kernels for concentration estimations within particle and puff dispersion models},
	author={de Haan, Peter},
	journal={Atmospheric Environment},
	volume={33},
	number={13},
	pages={2007--2021},
	year={1999},
	publisher={Elsevier}
}

@article{bejnordi2017diagnostic,
	title={Diagnostic assessment of deep learning algorithms for detection of lymph node metastases in women with breast cancer},
	author={Bejnordi, Babak Ehteshami and Veta, Mitko and Van Diest, Paul Johannes and Van Ginneken, Bram and Karssemeijer, Nico and Litjens, Geert and Van Der Laak, Jeroen AWM and Hermsen, Meyke and Manson, Quirine F and Balkenhol, Maschenka and others},
	journal={Journal of the American Medical Association},
	volume={318},
	number={22},
	pages={2199--2210},
	year={2017},
	publisher={American Medical Association}
}

@inproceedings{codella2018skin,
	title={Skin lesion analysis toward melanoma detection: A challenge at the 2017 international symposium on biomedical imaging ({ISBI}), hosted by the international skin imaging collaboration ({ISIC})},
	author={Codella, Noel CF and Gutman, David and Celebi, M Emre and Helba, Brian and Marchetti, Michael A and Dusza, Stephen W and Kalloo, Aadi and Liopyris, Konstantinos and Mishra, Nabin and Kittler, Harald and others},
	booktitle={2018 IEEE 15th International Symposium on Biomedical Imaging},
	pages={168--172},
	year={2018},
	organization={IEEE}
}

@article{combalia2019bcn20000,
	title={{BCN20000: Dermoscopic} lesions in the wild},
	author={Combalia, Marc and Codella, Noel CF and Rotemberg, Veronica and Helba, Brian and Vilaplana, Veronica and Reiter, Ofer and Carrera, Cristina and Barreiro, Alicia and Halpern, Allan C and Puig, Susana and others},
	journal={arXiv preprint arXiv:1908.02288},
	year={2019}
}

@article{tschandl2018ham10000,
	title={The {HAM10000} dataset, a large collection of multi-source dermatoscopic images of common pigmented skin lesions},
	author={Tschandl, Philipp and Rosendahl, Cliff and Kittler, Harald},
	journal={Scientific Data},
	volume={5},
	number={1},
	pages={1--9},
	year={2018},
	publisher={Nature Publishing Group}
}

@inproceedings{lin2017focal,
	title={Focal loss for dense object detection},
	author={Lin, Tsung-Yi and Goyal, Priya and Girshick, Ross and He, Kaiming and Doll{\'a}r, Piotr},
	booktitle={Proceedings of the IEEE International Conference on Computer Vision},
	pages={2980--2988},
	year={2017}
}

@inproceedings{tan2019efficientnet,
	title={Efficientnet: Rethinking model scaling for convolutional neural networks},
	author={Tan, Mingxing and Le, Quoc},
	booktitle={Proceedings of the 36th International Conference on Machine LearningInternational Conference on Machine Learning},
	pages={6105--6114},
	year={2019},
	organization={PMLR}
}

@inproceedings{blundell2015weight,
	title={Weight uncertainty in neural network},
	author={Blundell, Charles and Cornebise, Julien and Kavukcuoglu, Koray and Wierstra, Daan},
	booktitle={Proceedings of the 32nd International Conference on Machine Learning},
	pages={1613--1622},
	year={2015},
	organization={PMLR}
}

@article{maron2019systematic,
	title={Systematic outperformance of 112 dermatologists in multiclass skin cancer image classification by convolutional neural networks},
	author={Maron, Roman C and Weichenthal, Michael and Utikal, Jochen S and Hekler, Achim and Berking, Carola and Hauschild, Axel and Enk, Alexander H and Haferkamp, Sebastian and Klode, Joachim and Schadendorf, Dirk and others},
	journal={European Journal of Cancer},
	volume={119},
	pages={57--65},
	year={2019},
	publisher={Elsevier}
}

@incollection{carse2021robust,
	title={Robust Selective Classification of Skin Lesions with Asymmetric Costs},
	author={Carse, Jacob and S{\"u}veges, Tam{\'a}s and Hogg, Stephen and Trucco, Emanuele and Proby, Charlotte and Fleming, Colin and McKenna, Stephen},
	booktitle={Uncertainty for Safe Utilization of Machine Learning in Medical Imaging, and Perinatal Imaging, Placental and Preterm Image Analysis},
	pages={112--121},
	year={2021},
	publisher={Springer}
}

@article{dai2020federated,
	title={Federated {Bayesian} optimization via {Thompson} sampling},
	author={Dai, Zhongxiang and Low, Bryan Kian Hsiang and Jaillet, Patrick},
	journal={Advances in Neural Information Processing Systems},
	volume={33},
	pages={9687--9699},
	year={2020}
}

@inproceedings{ulmer2020trust,
	title={Trust issues: Uncertainty estimation does not enable reliable {OOD} detection on medical tabular data},
	author={Ulmer, Dennis and Meijerink, Lotta and Cin{\`a}, Giovanni},
	booktitle={Machine Learning for Health},
	pages={341--354},
	year={2020},
	organization={PMLR}
}

@inproceedings{frenkel2021network,
	title={Network calibration by class-based temperature scaling},
	author={Frenkel, Lior and Goldberger, Jacob},
	booktitle={2021 29th European Signal Processing Conference},
	pages={1486--1490},
	year={2021},
	organization={IEEE}
}

@article{mukhoti2020calibrating,
	title={Calibrating deep neural networks using focal loss},
	author={Mukhoti, Jishnu and Kulharia, Viveka and Sanyal, Amartya and Golodetz, Stuart and Torr, Philip and Dokania, Puneet},
	journal={Advances in Neural Information Processing Systems},
	volume={33},
	pages={15288--15299},
	year={2020}
}

@article{mackay1992bayesian,
	title={Bayesian interpolation},
	author={MacKay, David JC},
	journal={Neural Computation},
	volume={4},
	number={3},
	pages={415--447},
	year={1992},
	publisher={MIT Press}
}

@inproceedings{botev2017practical,
	title={Practical {Gauss-Newton} optimisation for deep learning},
	author={Botev, Aleksandar and Ritter, Hippolyt and Barber, David},
	booktitle={Proceedings of the 34th International Conference on Machine Learning},
	pages={557--565},
	year={2017},
	organization={PMLR}
}

@article{daxberger2021laplace,
	title={Laplace redux-effortless {Bayesian} deep learning},
	author={Daxberger, Erik and Kristiadi, Agustinus and Immer, Alexander and Eschenhagen, Runa and Bauer, Matthias and Hennig, Philipp},
	journal={Advances in Neural Information Processing Systems},
	volume={34},
	pages={20089--20103},
	year={2021}
}

@article{gawlikowski2021survey,
	title={A survey of uncertainty in deep neural networks},
	author={Gawlikowski, Jakob and Tassi, Cedrique Rovile Njieutcheu and Ali, Mohsin and Lee, Jongseok and Humt, Matthias and Feng, Jianxiang and Kruspe, Anna and Triebel, Rudolph and Jung, Peter and Roscher, Ribana and others},
	journal={arXiv preprint arXiv:2107.03342},
	year={2021}
}

@article{hendrycks2019augmix,
	title={Augmix: A simple data processing method to improve robustness and uncertainty},
	author={Hendrycks, Dan and Mu, Norman and Cubuk, Ekin D and Zoph, Barret and Gilmer, Justin and Lakshminarayanan, Balaji},
	journal={arXiv preprint arXiv:1912.02781},
	year={2019}
}

@article{hendrycks2018deep,
	title={Deep anomaly detection with outlier exposure},
	author={Hendrycks, Dan and Mazeika, Mantas and Dietterich, Thomas},
	journal={arXiv preprint arXiv:1812.04606},
	year={2018}
}

@inproceedings{islam2021spatially,
	title={Spatially varying label smoothing: Capturing uncertainty from expert annotations},
	author={Islam, Mobarakol and Glocker, Ben},
	booktitle={International Conference on Information Processing in Medical Imaging},
	pages={677--688},
	year={2021},
	organization={Springer}
}

@article{liang2020improved,
	title={Improved trainable calibration method for neural networks on medical imaging classification},
	author={Liang, Gongbo and Zhang, Yu and Wang, Xiaoqin and Jacobs, Nathan},
	journal={arXiv preprint arXiv:2009.04057},
	year={2020}
}

@article{kwon2020uncertainty,
	title={Uncertainty quantification using Bayesian neural networks in classification: Application to biomedical image segmentation},
	author={Kwon, Yongchan and Won, Joong-Ho and Kim, Beom Joon and Paik, Myunghee Cho},
	journal={Computational Statistics \& Data Analysis},
	volume={142},
	pages={106816},
	year={2020},
	publisher={Elsevier}
}

@article{tomani2021parameterized,
	title={Parameterized temperature scaling for boosting the expressive power in post-hoc uncertainty calibration},
	author={Tomani, Christian and Cremers, Daniel and Buettner, Florian},
	journal={arXiv preprint arXiv:2102.12182},
	year={2021}
}