@article{yang2019self,
	title={Self-paced balance learning for clinical skin disease recognition},
	author={Yang, Jufeng and Wu, Xiaoping and Liang, Jie and Sun, Xiaoxiao and Cheng, Ming-Ming and Rosin, Paul L and Wang, Liang},
	journal={IEEE transactions on neural networks and learning systems},
	volume={31},
	number={8},
	pages={2832--2846},
	year={2019},
	publisher={IEEE}
}

@inproceedings{liu2021swin,
	title={Swin transformer: Hierarchical vision transformer using shifted windows},
	author={Liu, Ze and Lin, Yutong and Cao, Yue and Hu, Han and Wei, Yixuan and Zhang, Zheng and Lin, Stephen and Guo, Baining},
	booktitle={Proceedings of the IEEE/CVF International Conference on Computer Vision},
	pages={10012--10022},
	year={2021}
}