@article{chin2022prepare,
	title={Prepare to Succeed: Real-World Image Datasets for Artificial Intelligence in Skin Cancer Triage},
	author={Chin, Gillian XM and Suveges, Tamas and Carse, Jacob and Butt, Sanaa and Muthiah, Shareen and Morton, Colin and Trucco, Emanuele and Proby, Charlotte and McKenna, Stephen and Fleming, Colin},
	journal={British Journal of Dermatology},
	volume={187},
	number={Suppl. 1)},
	pages={125},
	year={2022},
	publisher={Wiley}
}

@article{jones2022artificial,
	title={Artificial intelligence and machine learning algorithms for early detection of skin cancer in community and primary care settings: a systematic review},
	author={Jones, OT and Matin, RN and van der Schaar, M and Bhayankaram, K Prathivadi and Ranmuthu, CKI and Islam, MS and Behiyat, D and Boscott, R and Calanzani, N and Emery, J and others},
	journal={The Lancet Digital Health},
	volume={4},
	number={6},
	pages={e466--e476},
	year={2022},
	publisher={Elsevier}
}