% Introduction

@article{sarker2021deep,
	title={Deep learning: a comprehensive overview on techniques, taxonomy, applications and research directions},
	author={Sarker, Iqbal H},
	journal={SN Computer Science},
	volume={2},
	number={6},
	pages={420},
	year={2021},
	publisher={Springer}
}

@article{lecun2015deep,
	title={Deep learning},
	author={LeCun, Yann and Bengio, Yoshua and Hinton, Geoffrey},
	journal={Nature},
	volume={521},
	number={7553},
	pages={436--444},
	year={2015},
	publisher={Nature Publishing Group UK}
}

@article{dimitriou2019deep,
	title={Deep learning for whole slide image analysis: an overview},
	author={Dimitriou, Neofytos and Arandjelovi{\'c}, Ognjen and Caie, Peter D},
	journal={Frontiers in Medicine},
	volume={6},
	pages={264},
	year={2019},
	publisher={Frontiers Media SA}
}

@article{litjens2017survey,
	title={A survey on deep learning in medical image analysis},
	author={Litjens, Geert and Kooi, Thijs and Bejnordi, Babak Ehteshami and Setio, Arnaud Arindra Adiyoso and Ciompi, Francesco and Ghafoorian, Mohsen and Van Der Laak, Jeroen Awm and Van Ginneken, Bram and S{\'a}nchez, Clara I},
	journal={Medical Image Analysis},
	volume={42},
	pages={60--88},
	year={2017},
	publisher={Elsevier}
}

@article{settles2009active,
	title={Active learning literature survey},
	author={Settles, Burr},
	year={2009},
	publisher={University of Wisconsin-Madison Department of Computer Sciences}
}

@inproceedings{sener2017active,
	title={Active Learning for Convolutional Neural Networks: A Core-Set Approach},
	author={Sener, Ozan and Savarese, Silvio},
	booktitle={International Conference on Learning Representations (ICLR)},
	year={2017}
}

@article{bengio2013representation,
	title={Representation learning: A review and new perspectives},
	author={Bengio, Yoshua and Courville, Aaron and Vincent, Pascal},
	journal={Transactions on Pattern Analysis and Machine Intelligence},
	volume={35},
	number={8},
	pages={1798--1828},
	year={2013},
	publisher={IEEE}
}

@inproceedings{gidaris2018unsupervised,
	title={Unsupervised Representation Learning by Predicting Image Rotations},
	author={Gidaris, Spyros and Singh, Praveer and Komodakis, Nikos},
	booktitle={International Conference on Learning Representations (ICLR)},
	year={2018}
}

@article{zhang2018visual,
	title={Visual interpretability for deep learning: a survey},
	author={Zhang, Quan-shi and Zhu, Song-Chun},
	journal={Frontiers of Information Technology \& Electronic Engineering},
	volume={19},
	number={1},
	pages={27--39},
	year={2018},
	publisher={Springer}
}

@inproceedings{gal2016dropout,
	title={Dropout as a bayesian approximation: Representing model uncertainty in deep learning},
	author={Gal, Yarin and Ghahramani, Zoubin},
	booktitle={International Conference on Machine Learning (ICML)},
	pages={1050--1059},
	year={2016},
	organization={PMLR}
}

@inproceedings{guo2017calibration,
	title={On calibration of modern neural networks},
	author={Guo, Chuan and Pleiss, Geoff and Sun, Yu and Weinberger, Kilian Q},
	booktitle={International Conference on Machine Learning (ICML)},
	pages={1321--1330},
	year={2017},
	organization={PMLR}
}

@article{chow1957optimum,
	title={An optimum character recognition system using decision functions},
	author={Chow, Chi-Keung},
	journal={Transactions on Electronic Computers},
	number={4},
	pages={247--254},
	year={1957},
	publisher={IEEE}
}

@article{wu2022skin,
	title={Skin Cancer Classification With Deep Learning: A Systematic Review},
	author={Wu, Yinhao and Chen, Bin and Zeng, An and Pan, Dan and Wang, Ruixuan and Zhao, Shen},
	journal={Frontiers in Oncology},
	volume={12},
	year={2022},
	publisher={Frontiers Media SA}
}

@article{chin2022prepare,
	title={Prepare to succeed: real-world image datasets for artificial intelligence in skin cancer triage},
	author={Chin, Gillian XM and Suveges, Tamas and Carse, Jacob and Butt, Sanaa and Muthiah, Shareen and Morton, Colin and Trucco, Emanuele and Proby, Charlotte and McKenna, Stephen and Fleming, Colin},
	journal={British Journal of Dermatology},
	volume={187},
	number={Suppl. 1)},
	pages={125},
	year={2022},
	publisher={Wiley}
}

@article{tizhoosh2018artificial,
	title={Artificial intelligence and digital pathology: challenges and opportunities},
	author={Hamid Reza Tizhoosh and Liron Pantanowitz},
	journal={Journal of Pathology Informatics},
	volume={9},
	number={1},
	pages={38},
	year={2018},
	publisher={Elsevier}
}

@inproceedings{carse2019active,
	title={Active learning for patch-based digital pathology using convolutional neural networks to reduce annotation costs},
	author={Carse, Jacob and McKenna, Stephen},
	booktitle={European Congress on Digital Pathology (ECDP)},
	pages={20--27},
	year={2019},
	organization={Springer}
}

@article{oord2018representation,
	title={Representation learning with contrastive predictive coding},
	author={van den Oord, A{\"a}ron and Li, Yazhe and Vinyals, Oriol},
	journal={arXiv preprint arXiv:1807.03748},
	year={2018}
}

@inproceedings{oord2016pixel,
	title={Pixel recurrent neural networks},
	author={van den Oord, A{\"a}ron and Kalchbrenner, Nal and Kavukcuoglu, Koray},
	booktitle={International Conference on Machine Learning (ICML)},
	pages={1747--1756},
	year={2016},
	organization={PMLR}
}

@inproceedings{veeling2018rotation,
	title={Rotation equivariant CNNs for digital pathology},
	author={Veeling, Bastiaan S and Linmans, Jasper and Winkens, Jim and Cohen, Taco and Welling, Max},
	booktitle={Medical Image Computing and Computer Assisted Intervention (MICCAI)},
	pages={210--218},
	year={2018},
	organization={Springer}
}

@inproceedings{carse2021unsupervised,
	title={Unsupervised representation learning from pathology images with multi-directional contrastive predictive coding},
	author={Carse, Jacob and Carey, Frank and McKenna, Stephen},
	booktitle={International Symposium on Biomedical Imaging (ISBI)},
	pages={1254--1258},
	year={2021},
	organization={IEEE}
}

@article{maron2019systematic,
	title={Systematic outperformance of 112 dermatologists in multiclass skin cancer image classification by convolutional neural networks},
	author={Maron, Roman C and Weichenthal, Michael and Utikal, Jochen S and Hekler, Achim and Berking, Carola and Hauschild, Axel and Enk, Alexander H and Haferkamp, Sebastian and Klode, Joachim and Schadendorf, Dirk and others},
	journal={European Journal of Cancer},
	volume={119},
	pages={57--65},
	year={2019},
	publisher={Elsevier}
}

@inproceedings{carse2021robust,
	title={Robust selective classification of skin lesions with asymmetric costs},
	author={Carse, Jacob and S{\"u}veges, Tam{\'a}s and Hogg, Stephen and Trucco, Emanuele and Proby, Charlotte and Fleming, Colin and McKenna, Stephen},
	booktitle={Uncertainty for Safe Utilization of Machine Learning in Medical Imaging (UNSURE)},
	pages={112--121},
	year={2021},
	organization={Springer}
}

@inproceedings{carse2022calibration,
	title={Calibration of Deep Medical Image Classifiers: An Empirical Comparison Using Dermatology and Histopathology Datasets},
	author={Carse, Jacob and Alvarez Olmo, Andres and McKenna, Stephen},
	booktitle={Uncertainty for Safe Utilization of Machine Learning in Medical Imaging (UNSURE)},
	pages={89--99},
	year={2022},
	organization={Springer}
}

@inproceedings{geifman2019selectivenet,
	title={Selectivenet: A deep neural network with an integrated reject option},
	author={Geifman, Yonatan and El-Yaniv, Ran},
	booktitle={International Conference on Machine Learning (ICML)},
	pages={2151--2159},
	year={2019},
	organization={PMLR}
}

@article{jones2022artificial,
	title={Artificial intelligence and machine learning algorithms for early detection of skin cancer in community and primary care settings: a systematic review},
	author={Jones, OT and Matin, RN and van der Schaar, M and Bhayankaram, K Prathivadi and Ranmuthu, CKI and Islam, MS and Behiyat, D and Boscott, R and Calanzani, N and Emery, J and others},
	journal={The Lancet Digital Health},
	volume={4},
	number={6},
	pages={e466--e476},
	year={2022},
	publisher={Elsevier}
}

@article{yang2019self,
	title={Self-paced balance learning for clinical skin disease recognition},
	author={Yang, Jufeng and Wu, Xiaoping and Liang, Jie and Sun, Xiaoxiao and Cheng, Ming-Ming and Rosin, Paul L and Wang, Liang},
	journal={Transactions on Neural Networks and Learning Systems},
	volume={31},
	number={8},
	pages={2832--2846},
	year={2019},
	publisher={IEEE}
}



% Active Learning

@inproceedings{gal2017deep,
	title={Deep bayesian active learning with image data},
	author={Gal, Yarin and Islam, Riashat and Ghahramani, Zoubin},
	booktitle={International Conference on Machine Learning (ICML)},
	pages={1183--1192},
	year={2017},
	organization={PMLR}
}

@article{pop2018deep,
	title={Deep ensemble bayesian active learning: Addressing the mode collapse issue in monte carlo dropout via ensembles},
	author={Pop, Remus and Fulop, Patric},
	journal={arXiv preprint arXiv:1811.03897},
	year={2018}
}

@article{zhdanov2019diverse,
	title={Diverse mini-batch active learning},
	author={Zhdanov, Fedor},
	journal={arXiv preprint arXiv:1901.05954},
	year={2019}
}

@article{kirsch2019batchbald,
	title={Batchbald: Efficient and diverse batch acquisition for deep bayesian active learning},
	author={Kirsch, Andreas and Van Amersfoort, Joost and Gal, Yarin},
	booktitle={International Conference on Neural Information Processing Systems (NIPS)},
	pages={7026--7037},
	year={2019},
	publisher={Curran Associates Inc.}
}

@article{sirinukunwattana2016locality,
	title={Locality sensitive deep learning for detection and classification of nuclei in routine colon cancer histology images},
	author={Sirinukunwattana, Korsuk and Raza, Shan E Ahmed and Tsang, Yee-Wah and Snead, David RJ and Cree, Ian A and Rajpoot, Nasir M},
	journal={Transactions on Medical Imaging},
	volume={35},
	number={5},
	pages={1196--1206},
	year={2016},
	publisher={IEEE}
}

@inproceedings{lewis1995sequential,
	title={A sequential algorithm for training text classifiers: Corrigendum and additional data},
	author={Lewis, David D},
	booktitle={Sigir Forum},
	volume={29},
	number={2},
	pages={13--19},
	year={1995},
	organization={ACM}
}

@inproceedings{seung1992query,
	title={Query by committee},
	author={Seung, H Sebastian and Opper, Manfred and Sompolinsky, Haim},
	booktitle={Proceedings of the Workshop on Computational Learning Theory},
	pages={287--294},
	year={1992}
}

@article{settles2007multiple,
	title={Multiple-instance active learning},
	author={Settles, Burr and Craven, Mark and Ray, Soumya},
	booktitle={International Conference on Neural Information Processing Systems (NIPS)},
	pages={1289--1296},
	year={2007},
	publisher={Curran Associates Inc.}
}

@article{roy2001toward,
	title={Toward optimal active learning through monte carlo estimation of error reduction},
	author={Roy, Nicholas and McCallum, Andrew},
	journal={International Conference on Machine Learning (ICML)},
	volume={2},
	pages={441--448},
	year={2001}
}

@article{cohn1996active,
	title={Active learning with statistical models},
	author={Cohn, David A and Ghahramani, Zoubin and Jordan, Michael I},
	journal={Journal of Artificial Intelligence Research},
	volume={4},
	pages={129--145},
	year={1996}
}

@inproceedings{settles2008analysis,
	title={An analysis of active learning strategies for sequence labeling tasks},
	author={Settles, Burr and Craven, Mark},
	booktitle={Conference on Empirical Methods in Natural Language Processing (EMNLP)},
	pages={1070--1079},
	year={2008}
}

@article{ren2021survey,
	title={A survey of deep active learning},
	author={Ren, Pengzhen and Xiao, Yun and Chang, Xiaojun and Huang, Po-Yao and Li, Zhihui and Gupta, Brij B and Chen, Xiaojiang and Wang, Xin},
	journal={Computing Surveys},
	volume={54},
	number={9},
	pages={1--40},
	year={2021},
	publisher={ACM}
}

@article{wang2016cost,
	title={Cost-effective active learning for deep image classification},
	author={Wang, Keze and Zhang, Dongyu and Li, Ya and Zhang, Ruimao and Lin, Liang},
	journal={Transactions on Circuits and Systems for Video Technology},
	volume={27},
	number={12},
	pages={2591--2600},
	year={2016},
	publisher={IEEE}
}

@inproceedings{lee2013pseudo,
	title={Pseudo-label: The simple and efficient semi-supervised learning method for deep neural networks},
	author={Lee, Dong-Hyun and others},
	booktitle={Workshop on Challenges in Representation Learning},
	volume={3},
	number={2},
	pages={896},
	year={2013}
}

@article{demir2014novel,
	title={A novel active learning method in relevance feedback for content-based remote sensing image retrieval},
	author={Demir, Beg{\"u}m and Bruzzone, Lorenzo},
	journal={Transactions on Geoscience and Remote Sensing},
	volume={53},
	number={5},
	pages={2323--2334},
	year={2014},
	publisher={IEEE}
}

@inproceedings{chen2014cross,
	title={Cross-age reference coding for age-invariant face recognition and retrieval},
	author={Chen, Bor-Chun and Chen, Chu-Song and Hsu, Winston H},
	booktitle={European Conference on Computer Vision (ECCV)},
	pages={768--783},
	year={2014},
	organization={Springer}
}

@article{shannon1948mathematical,
	title={A mathematical theory of communication},
	author={Shannon, Claude E},
	journal={The Bell System Technical Journal},
	volume={27},
	number={3},
	pages={379--423},
	year={1948},
	publisher={Nokia Bell Labs}
}

@book{freeman1965elementary,
	title={Elementary applied statistics: for students in behavioral science},
	author={Freeman, Linton C},
	year={1965},
	publisher={New York: Wiley}
}

@inproceedings{kampffmeyer2016semantic,
	title={Semantic segmentation of small objects and modeling of uncertainty in urban remote sensing images using deep convolutional neural networks},
	author={Kampffmeyer, Michael and Salberg, Arnt-Borre and Jenssen, Robert},
	booktitle={Proceedings of the Conference on Computer Vision and Pattern Recognition Workshops},
	pages={1--9},
	year={2016}
}

@article{houlsby2011bayesian,
	title={Bayesian active learning for classification and preference learning},
	author={Houlsby, Neil and Husz{\'a}r, Ferenc and Ghahramani, Zoubin and Lengyel, M{\'a}t{\'e}},
	journal={arXiv preprint arXiv:1112.5745},
	year={2011}
}

@article{gutman2016skin,
	title={Skin lesion analysis toward melanoma detection: A challenge at the international symposium on biomedical imaging ({ISBI}) 2016, hosted by the international skin imaging collaboration ({ISIC})},
	author={Gutman, David and Codella, Noel CF and Celebi, Emre and Helba, Brian and Marchetti, Michael and Mishra, Nabin and Halpern, Allan},
	journal={arXiv preprint arXiv:1605.01397},
	year={2016}
}

@article{ducoffe2018adversarial,
	title={Adversarial active learning for deep networks: a margin based approach},
	author={Ducoffe, Melanie and Precioso, Frederic},
	journal={arXiv preprint arXiv:1802.09841},
	year={2018}
}

@incollection{kurakin2018adversarial,
	title={Adversarial examples in the physical world},
	author={Kurakin, Alexey and Goodfellow, Ian J and Bengio, Samy},
	booktitle={Artificial intelligence Safety and Security},
	pages={99--112},
	year={2018},
	publisher={Chapman and Hall/CRC}
}

@book{farahani2009facility,
	title={Facility location: concepts, models, algorithms and case studies},
	author={Farahani, Reza Zanjirani and Hekmatfar, Masoud},
	year={2009},
	publisher={Springer Science \& Business Media}
}

@article{rasmus2015semi,
	title={Semi-supervised learning with ladder networks},
	author={Rasmus, Antti and Berglund, Mathias and Honkala, Mikko and Valpola, Harri and Raiko, Tapani},
	booktitle={International Conference on Neural Information Processing Systems (NIPS)},
	pages={3546--3554},
	year={2015},
	publisher={Curran Associates Inc.}
}

@article{krizhevsky2009learning,
	title={Learning multiple layers of features from tiny images},
	author={Krizhevsky, Alex and Hinton, Geoffrey and others},
	year={2009},
	publisher={University of Toronto}
}

@article{lecun1998gradient,
	title={Gradient-based learning applied to document recognition},
	author={LeCun, Yann and Bottou, L{\'e}on and Bengio, Yoshua and Haffner, Patrick},
	journal={Proceedings of the IEEE},
	volume={86},
	number={11},
	pages={2278--2324},
	year={1998},
	publisher={IEEE}
}

@inproceedings{cohen2017emnist,
	title={EMNIST: Extending MNIST to handwritten letters},
	author={Cohen, Gregory and Afshar, Saeed and Tapson, Jonathan and Van Schaik, Andre},
	booktitle={International Joint Conference on Neural Networks (IJCNN)},
	pages={2921--2926},
	year={2017},
	organization={IEEE}
}

@article{darlow2018cinic,
	title={Cinic-10 is not imagenet or cifar-10},
	author={Darlow, Luke N and Crowley, Elliot J and Antoniou, Antreas and Storkey, Amos J},
	journal={arXiv preprint arXiv:1810.03505},
	year={2018}
}

@article{budd2021survey,
	title={A survey on active learning and human-in-the-loop deep learning for medical image analysis},
	author={Budd, Samuel and Robinson, Emma C and Kainz, Bernhard},
	journal={Medical Image Analysis},
	volume={71},
	pages={102062},
	year={2021},
	publisher={Elsevier}
}

@inproceedings{gamper2019pannuke,
	title={PanNuke: an open pan-cancer histology dataset for nuclei instance segmentation and classification},
	author={Gamper, Jevgenij and Alemi Koohbanani, Navid and Benet, Ksenija and Khuram, Ali and Rajpoot, Nasir},
	booktitle={European Congress of Digital Pathology (ECDP)},
	pages={11--19},
	year={2019},
	organization={Springer}
}

@article{gamper2020pannuke,
	title={Pannuke dataset extension, insights and baselines},
	author={Gamper, Jevgenij and Koohbanani, Navid Alemi and Benes, Ksenija and Graham, Simon and Jahanifar, Mostafa and Khurram, Syed Ali and Azam, Ayesha and Hewitt, Katherine and Rajpoot, Nasir},
	journal={arXiv preprint arXiv:2003.10778},
	year={2020}
}

@article{konyushkova2019geometry,
	title={Geometry in active learning for binary and multi-class image segmentation},
	author={Konyushkova, Ksenia and Sznitman, Raphael and Fua, Pascal},
	journal={Computer Vision and Image Understanding},
	volume={182},
	pages={1--16},
	year={2019},
	publisher={Elsevier}
}

@inproceedings{zhao2019data,
	title={Data augmentation using learned transformations for one-shot medical image segmentation},
	author={Zhao, Amy and Balakrishnan, Guha and Durand, Fredo and Guttag, John V and Dalca, Adrian V},
	booktitle={Conference on Computer Vision and Pattern Recognition (CVPR)},
	pages={8543--8553},
	year={2019}
}

@inproceedings{shi2019active,
	title={An active learning approach for reducing annotation cost in skin lesion analysis},
	author={Shi, Xueying and Dou, Qi and Xue, Cheng and Qin, Jing and Chen, Hao and Heng, Pheng-Ann},
	booktitle={Machine Learning in Medical Imaging (MLMI)},
	pages={628--636},
	year={2019},
	organization={Springer}
}

@inproceedings{gorriz2017cost,
	title={Cost-Effective Active Learning for Melanoma Segmentation},
	author={Gorriz, Marc and Nieto, Xavier Giro I and Carlier, Axel and Faure, Emmanuel},
	booktitle={Workshop on Machine Learning for Health (ML4H)},
	pages={1--5},
	year={2017}
}

@inproceedings{liu2020semi,
	title={Semi-supervised active learning for COVID-19 lung ultrasound multi-symptom classification},
	author={Liu, Lei and Lei, Wentao and Wan, Xiang and Liu, Li and Luo, Yongfang and Feng, Cheng},
	booktitle={International Conference on Tools with Artificial Intelligence (ICTAI)},
	pages={1268--1273},
	year={2020},
	organization={IEEE}
}

@inproceedings{folmsbee2021whole,
	title={Whole slide semantic segmentation: large scale active learning for digital pathology},
	author={Folmsbee, Jonathan and Brandwein-Weber, Margaret and Doyle, Scott},
	booktitle={Medical Imaging: Digital Pathology},
	volume={11603},
	pages={83--93},
	year={2021},
	organization={SPIE}
}

@inproceedings{jin2021reducing,
	title={Reducing the annotation cost of whole slide histology images using active learning},
	author={Jin, Xu and An, Hong and Wang, Jue and Wen, Ke and Wu, Zheng},
	booktitle={International Conference on Image Processing and Machine Vision (IPMV)},
	pages={47--52},
	year={2021}
}

@inproceedings{settles2008active,
	title={Active learning with real annotation costs},
	author={Settles, Burr and Craven, Mark and Friedland, Lewis},
	booktitle={Proceedings of the NIPS Workshop on Cost-Sensitive Learning},
	volume={1},
	year={2008}
}

@article{mackowiak2018cereals,
	title={Cereals-cost-effective region-based active learning for semantic segmentation},
	author={Mackowiak, Radek and Lenz, Philip and Ghori, Omair and Diego, Ferran and Lange, Oliver and Rother, Carsten},
	journal={arXiv preprint arXiv:1810.09726},
	year={2018}
}

@inproceedings{cordts2016cityscapes,
	title={The cityscapes dataset for semantic urban scene understanding},
	author={Cordts, Marius and Omran, Mohamed and Ramos, Sebastian and Rehfeld, Timo and Enzweiler, Markus and Benenson, Rodrigo and Franke, Uwe and Roth, Stefan and Schiele, Bernt},
	booktitle={Conference on Computer Vision and Pattern Recognition (CVPR)},
	pages={3213--3223},
	year={2016}
}

@article{colling2020metabox+,
	title={Metabox+: A new region based active learning method for semantic segmentation using priority maps},
	author={Colling, Pascal and Roese-Koerner, Lutz and Gottschalk, Hanno and Rottmann, Matthias},
	journal={arXiv preprint arXiv:2010.01884},
	year={2020}
}

@inproceedings{shao2018deep,
	title={Deep active learning for nucleus classification in pathology images},
	author={Shao, Wei and Sun, Liang and Zhang, Daoqiang},
	booktitle={International Symposium on Biomedical Imaging (ISBI)},
	pages={199--202},
	year={2018},
	organization={IEEE}
}

@article{srivastava2014dropout,
	title={Dropout: a simple way to prevent neural networks from overfitting},
	author={Srivastava, Nitish and Hinton, Geoffrey and Krizhevsky, Alex and Sutskever, Ilya and Salakhutdinov, Ruslan},
	journal={The Journal of Machine Learning Research},
	volume={15},
	number={1},
	pages={1929--1958},
	year={2014},
	publisher={JMLR}
}

@article{zeiler2012adadelta,
	title={Adadelta: an adaptive learning rate method},
	author={Zeiler, Matthew D},
	journal={arXiv preprint arXiv:1212.5701},
	year={2012}
}

@article{prechelt2012early,
	title={Early stopping—but when?},
	author={Prechelt, Lutz},
	journal={Neural Networks: Tricks of the Trade},
	pages={53--67},
	year={2012},
	publisher={Springer}
}

@inproceedings{glorot2010understanding,
	title={Understanding the difficulty of training deep feedforward neural networks},
	author={Glorot, Xavier and Bengio, Yoshua},
	booktitle={International Conference on Artificial Intelligence and Statistics (AIStat)},
	pages={249--256},
	year={2010},
	organization={JMLR}
}



% Unsupervised Learning

@article{madabhushi2016image,
	title={Image analysis and machine learning in digital pathology: Challenges and opportunities},
	author={Madabhushi, Anant and Lee, George},
	journal={Medical Image Analysis},
	volume={33},
	pages={170--175},
	year={2016},
	publisher={Elsevier}
}

@article{weiss2016survey,
	title={A survey of transfer learning},
	author={Weiss, Karl and Khoshgoftaar, Taghi M and Wang, DingDing},
	journal={Journal of Big data},
	volume={3},
	number={1},
	pages={1--40},
	year={2016},
	publisher={Springer}
}

@inproceedings{henaff2020data,
	title={Data-efficient image recognition with contrastive predictive coding},
	author={Henaff, Olivier},
	booktitle={International Conference on Machine Learning (ICML)},
	pages={4182--4192},
	year={2020},
	organization={PMLR}
}

@article{litjens20181399,
	title={1399 H\&E-stained sentinel lymph node sections of breast cancer patients: the CAMELYON dataset},
	author={Litjens, Geert and Bandi, Peter and Ehteshami Bejnordi, Babak and Geessink, Oscar and Balkenhol, Maschenka and Bult, Peter and Halilovic, Altuna and Hermsen, Meyke and van de Loo, Rob and Vogels, Rob and others},
	journal={GigaScience},
	volume={7},
	number={6},
	pages={giy065},
	year={2018},
	publisher={Oxford University Press}
}

@article{lake2015human,
	title={Human-level concept learning through probabilistic program induction},
	author={Lake, Brenden M and Salakhutdinov, Ruslan and Tenenbaum, Joshua B},
	journal={Science},
	volume={350},
	number={6266},
	pages={1332--1338},
	year={2015},
	publisher={American Association for the Advancement of Science}
}

@article{kaji2019overview,
	title={Overview of image-to-image translation by use of deep neural networks: denoising, super-resolution, modality conversion, and reconstruction in medical imaging},
	author={Kaji, Shizuo and Kida, Satoshi},
	journal={Radiological Physics and Technology},
	volume={12},
	pages={235--248},
	year={2019},
	publisher={Springer}
}

@article{yi2019generative,
	title={Generative adversarial network in medical imaging: A review},
	author={Yi, Xin and Walia, Ekta and Babyn, Paul},
	journal={Medical Image Analysis},
	volume={58},
	pages={101552},
	year={2019},
	publisher={Elsevier}
}

@article{kramer1991nonlinear,
	title={Nonlinear principal component analysis using autoassociative neural networks},
	author={Kramer, Mark A},
	journal={AIChE Journal},
	volume={37},
	number={2},
	pages={233--243},
	year={1991},
	publisher={Wiley}
}

@book{goodfellow2016deep,
	title={Deep learning},
	author={Goodfellow, Ian and Bengio, Yoshua and Courville, Aaron},
	year={2016},
	publisher={MIT press}
}

@article{makhzani2013k,
	title={K-sparse autoencoders},
	author={Makhzani, Alireza and Frey, Brendan},
	journal={arXiv preprint arXiv:1312.5663},
	year={2013}
}

@article{bengio2013generalized,
	title={Generalized denoising auto-encoders as generative models},
	author={Bengio, Yoshua and Yao, Li and Alain, Guillaume and Vincent, Pascal},
	booktitle={International Conference on Neural Information Processing Systems (NIPS)},
	pages={899--907},
	year={2013},
	publisher={Curran Associates Inc.}
}

@article{kingma2013auto,
	title={Auto-encoding variational bayes},
	author={Kingma, Diederik P and Welling, Max},
	journal={arXiv preprint arXiv:1312.6114},
	year={2013}
}

@article{kullback1951information,
	title={On information and sufficiency},
	author={Kullback, Solomon and Leibler, Richard A},
	journal={The Annals of Mathematical Statistics},
	volume={22},
	number={1},
	pages={79--86},
	year={1951},
	publisher={Institute of Mathematical Statistics}
}

@article{wei2020recent,
	title={Recent advances in variational autoencoders with representation learning for biomedical informatics: A survey},
	author={Wei, Ruoqi and Mahmood, Ausif},
	journal={Access},
	volume={9},
	pages={4939--4956},
	year={2020},
	publisher={IEEE}
}

@inproceedings{akrami2020brain,
	title={Brain lesion detection using a robust variational autoencoder and transfer learning},
	author={Akrami, Haleh and Joshi, Anand A and Li, Jian and Aydore, Sergul and Leahy, Richard M},
	booktitle={International Symposium on Biomedical Imaging (ISBI)},
	pages={786--790},
	year={2020},
	organization={IEEE}
}

@inproceedings{thiagarajan2020improving,
	title={Improving reliability of clinical models using prediction calibration},
	author={Thiagarajan, Jayaraman J and Venkatesh, Bindya and Rajan, Deepta and Sattigeri, Prasanna},
	booktitle={Uncertainty for Safe Utilization of Machine Learning (UNSURE)},
	pages={71--80},
	year={2020},
	organization={Springer}
}

@inproceedings{goodfellow2014generative,
	title={Generative Adversarial Networks},
	author={Goodfellow, Ian J and Pouget-Abadie, Jean and Mirza, Mehdi and Xu, Bing and Warde-Farley, David and Ozair, Sherjil and Courville, Aaron and Bengio, Yoshua},
	booktitle={International Conference on Neural Information Processing Systems (NIPS)},
	pages={2672--2680},
	year={2014},
	publisher={Curran Associates Inc.}
}

@inproceedings{arjovsky2017wasserstein,
	title={Wasserstein generative adversarial networks},
	author={Arjovsky, Martin and Chintala, Soumith and Bottou, L{\'e}on},
	booktitle={International Conference on Machine Learning (ICML)},
	pages={214--223},
	year={2017},
	organization={PMLR}
}

@inproceedings{gulrajani2017improved,
	title={Improved training of wasserstein gans},
	author={Gulrajani, Ishaan and Ahmed, Faruk and Arjovsky, Martin and Dumoulin, Vincent and Courville, Aaron C},
	booktitle={International Conference on Neural Information Processing Systems (NIPS)},
	pages={5769--5779},
	year={2017},
	publisher={Curran Associates Inc.}
}

@inproceedings{srivastav2021improved,
	title={Improved classification for pneumonia detection using transfer learning with gan based synthetic image augmentation},
	author={Srivastav, Devansh and Bajpai, Akansha and Srivastava, Prakash},
	booktitle={International Conference on Cloud Computing, Data Science \& Engineering (Confluence)},
	pages={433--437},
	year={2021},
	organization={IEEE}
}

@inproceedings{mukherjee2019clustergan,
	title={Clustergan: Latent space clustering in generative adversarial networks},
	author={Mukherjee, Sudipto and Asnani, Himanshu and Lin, Eugene and Kannan, Sreeram},
	booktitle={Proceedings of the AAAI Conference on Artificial Intelligence},
	volume={33},
	number={01},
	pages={4610--4617},
	year={2019},
	publisher={AAAI}
}

@article{donahue2019large,
	title={Large scale adversarial representation learning},
	author={Donahue, Jeff and Simonyan, Karen},
	journal={International Conference on Neural Information Processing Systems (NIPS)},
	pages={10542-10552},
	year={2019},
	publisher={Curran Associates Inc.}
}

@article{donahue2016adversarial,
	title={Adversarial feature learning},
	author={Donahue, Jeff and Kr{\"a}henb{\"u}hl, Philipp and Darrell, Trevor},
	journal={arXiv preprint arXiv:1605.09782},
	year={2016}
}

@article{shurrab2022self,
	title={Self-supervised learning methods and applications in medical imaging analysis: A survey},
	author={Shurrab, Saeed and Duwairi, Rehab},
	journal={PeerJ Computer Science},
	volume={8},
	pages={1045},
	year={2022},
	publisher={PeerJ Inc.}
}

@inproceedings{zhou2021preservational,
	title={Preservational learning improves self-supervised medical image models by reconstructing diverse contexts},
	author={Zhou, Hong-Yu and Lu, Chixiang and Yang, Sibei and Han, Xiaoguang and Yu, Yizhou},
	booktitle={International Conference on Computer Vision (ICCV)},
	pages={3499--3509},
	year={2021},
	publisher={IEEE/CVF}
}

@inproceedings{caron2018deep,
	title={Deep clustering for unsupervised learning of visual features},
	author={Caron, Mathilde and Bojanowski, Piotr and Joulin, Armand and Douze, Matthijs},
	booktitle={European conference on computer vision (ECCV)},
	pages={132--149},
	year={2018},
	publisher={Springer}
}

@inproceedings{wu2018unsupervised,
	title={Unsupervised Feature Learning via Non-parametric Instance Discrimination},
	author={Wu, Zhirong and Xiong, Yuanjun and Stella, X Yu and Lin, Dahua},
	booktitle={Conference on Computer Vision and Pattern Recognition (CVPR)},
	pages={3733--3742},
	year={2018},
	publisher={IEEE/CVF}
}

@inproceedings{gutmann2010noise,
	title={Noise-contrastive estimation: A new estimation principle for unnormalized statistical models},
	author={Gutmann, Michael and Hyv{\"a}rinen, Aapo},
	booktitle={International Conference on Artificial Intelligence and Statistics (AIStat)},
	pages={297--304},
	year={2010},
	publisher={JMLR}
}

@article{parikh2014proximal,
	title={Proximal algorithms},
	author={Parikh, Neal and Boyd, Stephen and others},
	journal={Foundations and Trends in Optimization},
	volume={1},
	number={3},
	pages={127--239},
	year={2014},
	publisher={Now Publishers, Inc.}
}

@inproceedings{zhuang2019local,
	title={Local aggregation for unsupervised learning of visual embeddings},
	author={Zhuang, Chengxu and Zhai, Alex Lin and Yamins, Daniel},
	booktitle={Conference on Computer Vision and Pattern Recognition (CVPR)},
	pages={6002--6012},
	year={2019},
	publisher={IEEE/CVF}
}

@inproceedings{deng2009imagenet,
	title={Imagenet: A large-scale hierarchical image database},
	author={Deng, Jia and Dong, Wei and Socher, Richard and Li, Li-Jia and Li, Kai and Fei-Fei, Li},
	booktitle={Conference on Computer Vision and Pattern Recognition (CVPR)},
	pages={248--255},
	year={2009},
	publisher={IEEE/CVF}
}

@inproceedings{he2020momentum,
	title={Momentum contrast for unsupervised visual representation learning},
	author={He, Kaiming and Fan, Haoqi and Wu, Yuxin and Xie, Saining and Girshick, Ross},
	booktitle={Conference on Computer Vision and Pattern Recognition (CVPR)},
	pages={9729--9738},
	year={2020},
	publisher={IEEE/CVF}
}

@inproceedings{misra2020self,
	title={Self-supervised learning of pretext-invariant representations},
	author={Misra, Ishan and Maaten, Laurens van der},
	booktitle={Conference on Computer Vision and Pattern Recognition (CVPR)},
	pages={6707--6717},
	year={2020},
	publisher={IEEE/CVF}
}

@inproceedings{he2016deep,
	title={Deep residual learning for image recognition},
	author={He, Kaiming and Zhang, Xiangyu and Ren, Shaoqing and Sun, Jian},
	booktitle={Conference on Computer Vision and Pattern Recognition (CVPR)},
	pages={770--778},
	year={2016},
	publisher={IEEE/CVF}
}

@inproceedings{noroozi2016unsupervised,
	title={Unsupervised learning of visual representations by solving jigsaw puzzles},
	author={Noroozi, Mehdi and Favaro, Paolo},
	booktitle={European Conference on Computer Vision (ECCV)},
	pages={69--84},
	year={2016},
	organization={Springer}
}

@article{hjelm2018learning,
	title={Learning deep representations by mutual information estimation and maximization},
	author={Hjelm, R Devon and Fedorov, Alex and Lavoie-Marchildon, Samuel and Grewal, Karan and Bachman, Phil and Trischler, Adam and Bengio, Yoshua},
	journal={arXiv preprint arXiv:1808.06670},
	year={2018}
}

@article{bachman2019learning,
	title={Learning representations by maximizing mutual information across views},
	author={Bachman, Philip and Hjelm, R Devon and Buchwalter, William},
	journal={International Conference on Neural Information Processing Systems (NIPS)},
	pages={15535-15545},
	year={2019},
	publisher={Curran Associates Inc.}
}

@article{srinidhi2021deep,
	title={Deep neural network models for computational histopathology: A survey},
	author={Srinidhi, Chetan L and Ciga, Ozan and Martel, Anne L},
	journal={Medical Image Analysis},
	volume={67},
	pages={101813},
	year={2021},
	publisher={Elsevier}
}

@inproceedings{bayramoglu2016transfer,
	title={Transfer learning for cell nuclei classification in histopathology images},
	author={Bayramoglu, Neslihan and Heikkil{\"a}, Janne},
	booktitle={Transferring and Adapting Source Knowledge in Computer Vision Workshop (Task-CV)},
	year={2016},
	organization={Springer}
}

@inproceedings{hou2016automatic,
	title={Automatic histopathology image analysis with CNNs},
	author={Hou, Le and Singh, Kunal and Samaras, Dimitris and Kurc, Tahsin M and Gao, Yi and Seidman, Roberta J and Saltz, Joel H},
	booktitle={New York Scientific Data Summit (NYSDS)},
	pages={1--6},
	year={2016},
	organization={IEEE}
}

@article{hu2018unsupervised,
	title={Unsupervised learning for cell-level visual representation in histopathology images with generative adversarial networks},
	author={Hu, Bo and Tang, Ye and Eric, I and Chang, Chao and Fan, Yubo and Lai, Maode and Xu, Yan},
	journal={Journal of Biomedical and Health Informatics},
	volume={23},
	number={3},
	pages={1316--1328},
	year={2018},
	publisher={IEEE}
}

@article{chang2017unsupervised,
	title={Unsupervised transfer learning via multi-scale convolutional sparse coding for biomedical applications},
	author={Chang, Hang and Han, Ju and Zhong, Cheng and Snijders, Antoine M and Mao, Jian-Hua},
	journal={Transactions on Pattern Analysis and Machine Intelligence},
	volume={40},
	number={5},
	pages={1182--1194},
	year={2017},
	publisher={IEEE}
}

@inproceedings{van2016pixel,
	title={Pixel recurrent neural networks},
	author={Van Den Oord, A{\"a}ron and Kalchbrenner, Nal and Kavukcuoglu, Koray},
	booktitle={International Conference on Machine Learning (ICML)},
	pages={1747--1756},
	year={2016},
	organization={PMLR}
}

@article{kingma2014adam,
	title={Adam: A method for stochastic optimization},
	author={Kingma, Diederik P and Ba, Jimmy},
	journal={arXiv preprint arXiv:1412.6980},
	year={2014}
}



% Calibration

@article{dai2020federated,
	title={Federated Bayesian optimization via Thompson sampling},
	author={Dai, Zhongxiang and Low, Bryan Kian Hsiang and Jaillet, Patrick},
	journal={International Conference on Neural Information Processing Systems (NIPS)},
	pages={9687-9699},
	year={2020},
	publisher={Curran Associates Inc.}
}

@inproceedings{zhang2020mix,
	title={Mix-n-match: Ensemble and compositional methods for uncertainty calibration in deep learning},
	author={Zhang, Jize and Kailkhura, Bhavya and Han, T Yong-Jin},
	booktitle={International Conference on Machine Learning (ICML)},
	pages={11117--11128},
	year={2020},
	organization={PMLR}
}

@inproceedings{ulmer2020trust,
	title={Trust issues: Uncertainty estimation does not enable reliable {OOD} detection on medical tabular data},
	author={Ulmer, Dennis and Meijerink, Lotta and Cin{\`a}, Giovanni},
	booktitle={Machine Learning for Health},
	pages={341--354},
	year={2020},
	organization={PMLR}
}

@article{mukhoti2020calibrating,
	title={Calibrating deep neural networks using focal loss},
	author={Mukhoti, Jishnu and Kulharia, Viveka and Sanyal, Amartya and Golodetz, Stuart and Torr, Philip and Dokania, Puneet},
	journal={International Conference on Neural Information Processing Systems (NIPS)},
	pages={15288--15299},
	year={2020},
	publisher={Curran Associates Inc.}
}

@inproceedings{frenkel2021network,
	title={Network calibration by class-based temperature scaling},
	author={Frenkel, Lior and Goldberger, Jacob},
	booktitle={European Signal Processing Conference (ESPC)},
	pages={1486--1490},
	year={2021},
	organization={IEEE}
}

@article{muller2019does,
	title={When does label smoothing help?},
	author={M{\"u}ller, Rafael and Kornblith, Simon and Hinton, Geoffrey E},
	journal={International Conference on Neural Information Processing Systems (NIPS)},
	pages={4694–4703}
	year={2019},
	publisher={Curran Associates Inc.}
}

@inproceedings{roelofs2022mitigating,
	title={Mitigating bias in calibration error estimation},
	author={Roelofs, Rebecca and Cain, Nicholas and Shlens, Jonathon and Mozer, Michael C},
	booktitle={International Conference on Artificial Intelligence and Statistics (AIStat)},
	pages={4036--4054},
	year={2022},
	organization={PMLR}
}

@article{parzen1962estimation,
	title={On estimation of a probability density function and mode},
	author={Parzen, Emanuel},
	journal={The Annals of Mathematical Statistics},
	volume={33},
	number={3},
	pages={1065--1076},
	year={1962},
	publisher={JSTOR}
}

@article{gawlikowski2021survey,
	title={A survey of uncertainty in deep neural networks},
	author={Gawlikowski, Jakob and Tassi, Cedrique Rovile Njieutcheu and Ali, Mohsin and Lee, Jongseok and Humt, Matthias and Feng, Jianxiang and Kruspe, Anna and Triebel, Rudolph and Jung, Peter and Roscher, Ribana and others},
	journal={arXiv preprint arXiv:2107.03342},
	year={2021}
}

@article{hendrycks2019augmix,
	title={Augmix: A simple data processing method to improve robustness and uncertainty},
	author={Hendrycks, Dan and Mu, Norman and Cubuk, Ekin D and Zoph, Barret and Gilmer, Justin and Lakshminarayanan, Balaji},
	journal={arXiv preprint arXiv:1912.02781},
	year={2019}
}

@article{hendrycks2018deep,
	title={Deep anomaly detection with outlier exposure},
	author={Hendrycks, Dan and Mazeika, Mantas and Dietterich, Thomas},
	journal={arXiv preprint arXiv:1812.04606},
	year={2018}
}

@inproceedings{szegedy2016rethinking,
	title={Rethinking the inception architecture for computer vision},
	author={Szegedy, Christian and Vanhoucke, Vincent and Ioffe, Sergey and Shlens, Jon and Wojna, Zbigniew},
	booktitle={Conference on Computer Vision and Pattern Recognition (CVPR)},
	pages={2818--2826},
	year={2016},
	publisher={IEEE}
}

@inproceedings{islam2021spatially,
	title={Spatially varying label smoothing: Capturing uncertainty from expert annotations},
	author={Islam, Mobarakol and Glocker, Ben},
	booktitle={International Conference on Information Processing in Medical Imaging (IPMI)},
	pages={677--688},
	year={2021},
	organization={Springer}
}

@inproceedings{lin2017focal,
	title={Focal loss for dense object detection},
	author={Lin, Tsung-Yi and Goyal, Priya and Girshick, Ross and He, Kaiming and Doll{\'a}r, Piotr},
	booktitle={International Conference on Computer Vision (ICCV)},
	pages={2980--2988},
	year={2017},
	publisher={IEEE}
}

@article{liang2020improved,
	title={Improved trainable calibration method for neural networks on medical imaging classification},
	author={Liang, Gongbo and Zhang, Yu and Wang, Xiaoqin and Jacobs, Nathan},
	journal={arXiv preprint arXiv:2009.04057},
	year={2020}
}

@article{platt1999probabilistic,
	title={Probabilistic outputs for support vector machines and comparisons to regularized likelihood methods},
	author={Platt, John},
	journal={Advances in Large Margin Classifiers},
	volume={10},
	number={3},
	pages={61--74},
	year={1999},
	publisher={MIT Press}
}

@article{kwon2020uncertainty,
	title={Uncertainty quantification using Bayesian neural networks in classification: Application to biomedical image segmentation},
	author={Kwon, Yongchan and Won, Joong-Ho and Kim, Beom Joon and Paik, Myunghee Cho},
	journal={Computational Statistics \& Data Analysis},
	volume={142},
	pages={106816},
	year={2020},
	publisher={Elsevier}
}

@inproceedings{blundell2015weight,
	title={Weight uncertainty in neural network},
	author={Blundell, Charles and Cornebise, Julien and Kavukcuoglu, Koray and Wierstra, Daan},
	booktitle={International Conference on Machine Learning (ICML)},
	pages={1613--1622},
	year={2015},
	organization={PMLR}
}

@article{mackay1992bayesian,
	title={Bayesian interpolation},
	author={MacKay, David JC},
	journal={Neural Computation},
	volume={4},
	number={3},
	pages={415--447},
	year={1992},
	publisher={MIT Press}
}

@inproceedings{botev2017practical,
	title={Practical {Gauss-Newton} optimisation for deep learning},
	author={Botev, Aleksandar and Ritter, Hippolyt and Barber, David},
	booktitle={International Conference on Machine Learning (ICML)},
	pages={557--565},
	year={2017},
	organization={PMLR}
}

@article{daxberger2021laplace,
	title={Laplace redux-effortless {Bayesian} deep learning},
	author={Daxberger, Erik and Kristiadi, Agustinus and Immer, Alexander and Eschenhagen, Runa and Bauer, Matthias and Hennig, Philipp},
	journal={International Conference on Neural Information Processing Systems (NIPS)},
	pages={20089--20103},
	year={2021},
	publisher={Curran Associates Inc.}
}

@inproceedings{codella2018skin,
	title={Skin lesion analysis toward melanoma detection: A challenge at the 2017 international symposium on biomedical imaging ({ISBI}), hosted by the international skin imaging collaboration ({ISIC})},
	author={Codella, Noel CF and Gutman, David and Celebi, M Emre and Helba, Brian and Marchetti, Michael A and Dusza, Stephen W and Kalloo, Aadi and Liopyris, Konstantinos and Mishra, Nabin and Kittler, Harald and others},
	booktitle={International Symposium on Biomedical Imaging (ISBI)},
	pages={168--172},
	year={2018},
	organization={IEEE}
}


@article{combalia2019bcn20000,
	title={Bcn20000: Dermoscopic lesions in the wild},
	author={Combalia, Marc and Codella, Noel CF and Rotemberg, Veronica and Helba, Brian and Vilaplana, Veronica and Reiter, Ofer and Carrera, Cristina and Barreiro, Alicia and Halpern, Allan C and Puig, Susana and others},
	journal={arXiv preprint arXiv:1908.02288},
	year={2019}
}

@article{tschandl2018ham10000,
	title={The {HAM10000} dataset, a large collection of multi-source dermatoscopic images of common pigmented skin lesions},
	author={Tschandl, Philipp and Rosendahl, Cliff and Kittler, Harald},
	journal={Scientific Data},
	volume={5},
	number={1},
	pages={1--9},
	year={2018},
	publisher={Nature Publishing Group}
}

@article{bejnordi2017diagnostic,
	title={Diagnostic assessment of deep learning algorithms for detection of lymph node metastases in women with breast cancer},
	author={Bejnordi, Babak Ehteshami and Veta, Mitko and Van Diest, Paul Johannes and Van Ginneken, Bram and Karssemeijer, Nico and Litjens, Geert and Van Der Laak, Jeroen AWM and Hermsen, Meyke and Manson, Quirine F and Balkenhol, Maschenka and others},
	journal={Journal of the American Medical Association},
	volume={318},
	number={22},
	pages={2199--2210},
	year={2017},
	publisher={American Medical Association}
}

@article{liu1989limited,
	author={Liu, Dong C and Nocedal, J},
	title = {On the limited memory {BFGS} method for large scale optimization},
	journal = {Mathematical Programming},
	year = {1989},
	volume = {45},
	pages = {503--528}
}






% Conclusion

@article{maier2022metrics,
	title={Metrics reloaded: Pitfalls and recommendations for image analysis validation},
	author={Maier-Hein, Lena and Reinke, Annika and Christodoulou, Evangelia and Glocker, Ben and Godau, Patrick and Isensee, Fabian and Kleesiek, Jens and Kozubek, Michal and Reyes, Mauricio and Riegler, Michael A and others},
	journal={arXiv preprint arXiv:2206.01653},
	year={2022}
}

@article{budd2021survey,
	title={A survey on active learning and human-in-the-loop deep learning for medical image analysis},
	author={Budd, Samuel and Robinson, Emma C and Kainz, Bernhard},
	journal={Medical Image Analysis},
	volume={71},
	pages={102062},
	year={2021},
	publisher={Elsevier}
}

@article{liu2022learning,
	title={Learning disentangled representations in the imaging domain},
	author={Liu, Xiao and Sanchez, Pedro and Thermos, Spyridon and O’Neil, Alison Q and Tsaftaris, Sotirios A},
	journal={Medical Image Analysis},
	pages={102516},
	year={2022},
	publisher={Elsevier}
}

@article{song2021classifier,
	title={Classifier calibration: How to assess and improve predicted class probabilities: a survey},
	author={Song, Hao and Perello-Nieto, Miquel and Santos-Rodriguez, Raul and Kull, Meelis and Flach, Peter and others},
	journal={arXiv preprint arXiv:2112.10327},
	year={2021}
}

@article{zhao2021calibrating,
	title={Calibrating predictions to decisions: A novel approach to multi-class calibration},
	author={Zhao, Shengjia and Kim, Michael and Sahoo, Roshni and Ma, Tengyu and Ermon, Stefano},
	booktitle={International Conference on Neural Information Processing Systems (NIPS)},
	pages={22313--22324},
	year={2021},
	publisher={Curran Associates Inc.}
}
