@Article{Brinker2019,
	author  = {Brinker, T. J. and Hekler, A. and Enk, A.H. and Klode, J. and Hauschild, A. and Berking, C. and Schilling, B. and Haferkamp, S. and Schadendorf, D. and Holland-Letz, T. and Utikal, J.S.},
	journal = {European Journal of Cancer},
	title   = {Deep learning outperformed 136 of 157 dermatologists in a head-to-head dermoscopic melanoma image classification task},
	year    = {2019},
	pages   = {47-54},
	volume  = {113},
}

@InProceedings{DeVries2018,
	author    = {DeVries, T. and Taylor, G. W.},
	booktitle = {Conf. on Medical Imaging with Deep Learning (MIDL)},
	title     = {Leveraging Uncertainty Estimates for Predicting Segmentation Quality},
	year      = {2018},
}

@inproceedings{geifman2019selectivenet,
	title={Selectivenet: A deep neural network with an integrated reject option},
	author={Geifman, Yonatan and El-Yaniv, Ran},
	booktitle={International conference on machine learning},
	pages={2151--2159},
	year={2019},
	organization={PMLR}
}

@Article{ElYaniv2010,
	author  = {El-Yaniv, R. and Wiener, Y.},
	journal = {Journal of Machine Learning Research},
	title   = {On the Foundations of Noise-free Selective Classification},
	year    = {2010},
	pages   = {1605-1641},
	volume  = {11},
}

@Article{Esteva2017,
	author  = {Esteva, A. and Kuprel, B. and Novoa, R. A. and Ko, J. and Swetter, S. M. and Blau, H. M. and Thrun, S},
	journal = {Nature},
	title   = {Dermatologist-level classification of skin cancer with deep neural networks},
	year    = {2017},
	pages   = {115-8},
	volume  = {542},
}

@Article{Han2018,
	author  = {Han, S. S. and Kim, M. S. and Lim, W. and Park, G. H. and Park, I. and Chang, S. E..},
	journal = {J Inv Dermatol},
	title   = {Classification of the clinical images for benign and malignant cutaneous tumors using a deep learning algorithm},
	year    = {2018},
	number  = {7},
	volume  = {138},
}

@Article{Han2020,
	author  = {Han, S. S. and Park, I. and Chang, S. E. and Lim, W. and Kim, M. S. and Park, G. H. and Chae, J. B. and Huh, C. H. and Na, J.-I.},
	journal = {J Inv Dermatol},
	title   = {Augmented intelligence dermatology: deep neural networks empower medical professionals in diagnosing skin cancer and predicting treatment options for 134 skin disorders},
	year    = {2020},
	number  = {9},
	volume  = {140},
}

@Article{Haenssle2018,
	author  = {Haenssle, H. A. and Fink, C. and Schneiderbauer, R. and others},
	journal = {Annals of Oncology},
	title   = {Man against machine: diagnostic performance of a deep learning convolutional neural network for dermoscopic melanoma recognition in comparison to 58 dermatologists},
	year    = {2018},
	number  = {8},
	pages   = {1836-1842},
	volume  = {29},
}

@InProceedings{Hendrycks2017,
	author    = {Hendrycks, D. and Gimpel, K.},
	booktitle = {ICLR},
	title     = {A Baseline for Detecting Misclassified and Out-of-Distribution Examples in Neural Networks},
	year      = {2017},
}

@InProceedings{Kawahara2019,
	author    = {Kawahara, J. and Hamarneh, G.},
	booktitle = {arxiv:1906.01256, 6},
	title     = {Visual Diagnosis of Dermatological Disorders: Human and Machine Performance},
	year      = {2019},
}

@InProceedings{Gal2016,
	author    = {Gal, Y. and Ghahramani, Z.},
	booktitle = {Proceedings of the 33rd International Conference on Machine Learning (ICML)},
	title     = {Dropout as a {B}ayesian approximation: representing model uncertainty in deep learning},
	year      = {2016},
	volume    = {PMLR 48},
	pages     = {1050–1059},
}

@InProceedings{selective2019geifman,
	author    = {Geifman, Y. and El-Yaniv, R.},
	booktitle = {Proceedings of the 36th International Conference on Machine Learning (ICML)},
	title     = {Selective{N}et: A deep neural network with an integrated reject option},
	year      = {2019},
	volume    = {PMLR 97},
	pages     = {2151-2159},
}


@Article{Mobiny2019,
	author  = {Mobiny, A. and Singh, A. and Van Nguyen, H. },
	journal = {J. Clin. Med.},
	title   = {Risk-Aware Machine Learning Classifier for Skin Lesion Diagnosis},
	year    = {2019},
	number  = {8},
	pages   = {1241},
	volume  = {8},
}

@InProceedings{Tan2019,
	author    = {Tan, M. and Le, Quoc V.},
	booktitle = {Proceedings of the 36th International Conference on Machine Learning (ICML)},
	title     = {Efficient{N}et: Rethinking Model Scaling for Convolutional Neural Networks},
	year      = {2019},
	volume    = {PMLR 97},
	pages     = {6105-6114},
}

@InProceedings{Combalia2019,
	author    = {{Combalia, M. and Codella, N. C. and Rotemberg, V. and Helba, B. and Vilaplana, V. and Reiter, O., and others}},
	booktitle = {arXiv preprint},
	title     = {{BCN20000}: Dermoscopic lesions in the wild},
	year      = {2019},
	pages     = {arXiv:1908.02288}
}

@inproceedings{hinton2012improving,
	title     = {Improving neural networks by preventing co-adaptation of feature detectors},
	author    = {Hinton, G. and Srivastava, N. and Krizhevsky, A. and Sutskever, I. and Salakhutdinov, R.},
	booktitle = {arXiv:1207.0580},
	year      = {2012}
}

@inproceedings{smith2017cyclical,
	title        = {Cyclical learning rates for training neural networks},
	author       = {Smith, L.},
	booktitle    = {IEEE Winter Conf. on Applications of Computer Vision (WACV)},
	pages        = {464--472},
	year         = {2017},
	organization = {IEEE}
}

@article{maartensson2020reliability,
	title        = {The reliability of a deep learning model in clinical out-of-distribution MRI data: a multicohort study},
	author       = {M{\aa}rtensson, Gustav and Ferreira, Daniel and Granberg, Tobias and Cavallin, Lena and Oppedal, Ketil and Padovani, Alessandro and Rektorova, Irena and Bonanni, Laura and Pardini, Matteo and Kramberger, Milica G and others},
	journal      = {Medical Image Analysis},
	volume       = {66},
	pages        = {101714},
	year         = {2020},
	publisher    = {Elsevier}
}

@article{mozafari2018attended,
	title={Attended temperature scaling: a practical approach for calibrating deep neural networks},
	author={Mozafari, Azadeh Sadat and Gomes, Hugo Siqueira and Le{\~a}o, Wilson and Janny, Steeven and Gagn{\'e}, Christian},
	journal={arXiv preprint arXiv:1810.11586},
	year={2018}
}

@inproceedings{nixon2019measuring,
	title={Measuring Calibration in Deep Learning.},
	author={Nixon, Jeremy and Dusenberry, Michael W and Zhang, Linchuan and Jerfel, Ghassen and Tran, Dustin},
	booktitle={CVPR Workshops},
	volume={2},
	number={7},
	year={2019}
}


\\ Tamas Refs

@inproceedings{max_uncertanity,
	title={Noise contrastive priors for functional uncertainty},
	author={Hafner, Danijar and Tran, Dustin and Lillicrap, Timothy and Irpan, Alex and Davidson, James},
	booktitle={Uncertainty in Artificial Intelligence},
	pages={905--914},
	year={2020},
	organization={PMLR}
}


@inproceedings{unified_OOD,
	author = {Lee, Kimin and Lee, Kibok and Lee, Honglak and Shin, Jinwoo},
	title = {A Simple Unified Framework for Detecting Out-of-Distribution Samples and Adversarial Attacks},
	year = {2018},
	publisher = {Curran Associates Inc.},
	address = {Red Hook, NY, USA},
	booktitle = {Proceedings of the 32nd International Conference on Neural Information Processing Systems},
	pages = {7167–7177},
	numpages = {11},
	location = {Montr\'{e}al, Canada},
	series = {NIPS'18}
}

@article{ODIN,
	title={Enhancing the reliability of out-of-distribution image detection in neural networks},
	author={Liang, Shiyu and Li, Yixuan and Srikant, Rayadurgam},
	journal={arXiv preprint arXiv:1706.02690},
	year={2017}
}

@inproceedings{ODIN_generalized,
	title={Generalized odin: Detecting out-of-distribution image without learning from out-of-distribution data},
	author={Hsu, Yen-Chang and Shen, Yilin and Jin, Hongxia and Kira, Zsolt},
	booktitle={Proceedings of the IEEE/CVF Conference on Computer Vision and Pattern Recognition},
	pages={10951--10960},
	year={2020}
}

@article{softmax_mod_1,
	title={Energy-based Out-of-distribution Detection},
	author={Liu, Weitang and Wang, Xiaoyun and Owens, John D and Li, Yixuan},
	journal={arXiv preprint arXiv:2010.03759},
	year={2020}
}

@article{softmax_mod_2,
	title={Hyperparameter-free out-of-distribution detection using softmax of scaled cosine similarity},
	author={Techapanurak, Engkarat and Suganuma, Masanori and Okatani, Takayuki},
	journal={arXiv preprint arXiv:1905.10628},
	year={2019}
}

@article{softmax_mod_3,
	title={Does Your Dermatology Classifier Know What It Doesn't Know? Detecting the Long-Tail of Unseen Conditions},
	author={Roy, Abhijit Guha and Ren, Jie and Azizi, Shekoofeh and Loh, Aaron and Natarajan, Vivek and Mustafa, Basil and Pawlowski, Nick and Freyberg, Jan and Liu, Yuan and Beaver, Zach and others},
	journal={arXiv preprint arXiv:2104.03829},
	year={2021}
}



@article{aleatoric_relation_proof,
	title={Out-of-Distribution Detection for Dermoscopic Image Classification},
	author={Mohseni, Mohammadreza and Yap, Jordan and Yolland, William and Razmara, Majid and Atkins, M Stella},
	journal={arXiv preprint arXiv:2104.07819},
	year={2021}
}

@article{aleatory_epistemic,
	title={Aleatory or epistemic? Does it matter?},
	author={Der Kiureghian, Armen and Ditlevsen, Ove},
	journal={Structural safety},
	volume={31},
	number={2},
	pages={105--112},
	year={2009},
	publisher={Elsevier}
}

@INPROCEEDINGS{semantically_similar_ood,
	author={Pacheco, Andre G. C. and Sastry, Chandramouli S. and Trappenberg, Thomas and Oore, Sageev and Krohling, Renato A.},
	booktitle={2020 IEEE/CVF Conference on Computer Vision and Pattern Recognition Workshops (CVPRW)}, 
	title={On Out-of-Distribution Detection Algorithms with Deep Neural Skin Cancer Classifiers}, 
	year={2020},
	volume={},
	number={},
	pages={3152-3161},
	doi={10.1109/CVPRW50498.2020.00374}
}

@inproceedings{isolation_forest,
	title={Out-of-Distribution Detection for Skin Lesion Images with Deep Isolation Forest},
	author={Li, Xuan and Lu, Yuchen and Desrosiers, Christian and Liu, Xue},
	booktitle={International Workshop on Machine Learning in Medical Imaging},
	pages={91--100},
	year={2020},
	organization={Springer}
}

@inproceedings{likelihood_ratio,
	title={Likelihood Ratios for Out-of-Distribution Detection},
	author={J. Ren and Peter J. Liu and E. Fertig and Jasper Snoek and R. Poplin and M. DePristo and Joshua V. Dillon and Balaji Lakshminarayanan},
	booktitle={NeurIPS},
	year={2019}
}

@article{Liang2020Neural,
	title={Neural network calibration for medical imaging classification using dca regularization},
	author={Liang, Gongbo and Zhang, Yu and Jacobs, Nathan},
	journal={ICML UDL},
	year={2020}
}

@article{Hinton2012Improving,
	title={Improving neural networks by preventing co-adaptation of feature detectors},
	author={Hinton, Geoffrey E and Srivastava, Nitish and Krizhevsky, Alex and Sutskever, Ilya and Salakhutdinov, Ruslan R},
	journal={arXiv preprint arXiv:1207.0580},
	year={2012}
}

@article{Le2021MC,
	title={Is MC Dropout Bayesian?},
	author={Le Folgoc, Lo{\i}c and Baltatzis, Vasileios and Desai, Sujal and Devaraj, Anand and Ellis, Sam and Manzanera, Octavio E Martinez and Nair, Arjun and Qiu, Huaqi and Schnabel, Julia and Glocker, Ben},
	journal={arXiv preprint arXiv:2110.04286},
	year={2021}
}

@book{freeman1965elementary,
	title={Elementary applied statistics: for students in behavioral science},
	author={Freeman, Linton C},
	year={1965},
	publisher={New York: Wiley}
}

@article{shannon1948mathematical,
	title={A mathematical theory of communication},
	author={Shannon, Claude Elwood},
	journal={The Bell system technical journal},
	volume={27},
	number={3},
	pages={379--423},
	year={1948},
	publisher={Nokia Bell Labs}
}

@InProceedings{combalia2019csn20000,
	author    = {{Combalia, M. and Codella, N. C. and Rotemberg, V. and Helba, B. and Vilaplana, V. and Reiter, O., and others}},
	booktitle = {arXiv preprint},
	title     = {{BCN20000}: Dermoscopic lesions in the wild},
	year      = {2019},
	pages     = {arXiv:1908.02288}
}

@InProceedings{tan2019efficient,
	author    = {Tan, M. and Le, Quoc V.},
	booktitle = {Proceedings of the 36th International Conference on Machine Learning (ICML)},
	title     = {Efficient{N}et: Rethinking Model Scaling for Convolutional Neural Networks},
	year      = {2019},
	volume    = {PMLR 97},
	pages     = {6105-6114},
}

@article{lee2021graddiv,
	title={Graddiv: Adversarial robustness of randomized neural networks via gradient diversity regularization},
	author={Lee, Sungyoon and Kim, Hoki and Lee, Jaewook},
	journal={arXiv preprint arXiv:2107.02425},
	year={2021}
}

@article{jospin2020hands,
	title={Hands-on Bayesian neural networks--a tutorial for deep learning users},
	author={Jospin, Laurent Valentin and Buntine, Wray and Boussaid, Farid and Laga, Hamid and Bennamoun, Mohammed},
	journal={arXiv preprint arXiv:2007.06823},
	year={2020}
}

@article{houlsby2011bayesian,
	title={Bayesian active learning for classification and preference learning},
	author={Houlsby, Neil and Husz{\'a}r, Ferenc and Ghahramani, Zoubin and Lengyel, M{\'a}t{\'e}},
	journal={arXiv preprint arXiv:1112.5745},
	year={2011}
}

@inproceedings{smith2017cyclical,
	title={Cyclical learning rates for training neural networks},
	author={Smith, Leslie N},
	booktitle={2017 IEEE winter conference on applications of computer vision (WACV)},
	pages={464--472},
	year={2017},
	organization={IEEE}
}

@inproceedings{liu2018adv,
	title={Adv-BNN: Improved Adversarial Defense through Robust Bayesian Neural Network},
	author={Liu, Xuanqing and Li, Yao and Wu, Chongruo and Hsieh, Cho-Jui},
	booktitle={International Conference on Learning Representations},
	year={2018}
}

@inproceedings{kristiadi2020being,
	title={Being bayesian, even just a bit, fixes overconfidence in relu networks},
	author={Kristiadi, Agustinus and Hein, Matthias and Hennig, Philipp},
	booktitle={International conference on machine learning},
	pages={5436--5446},
	year={2020},
	organization={PMLR}
}
