@inproceedings{carse2021unsupervised,
	title={Unsupervised Representation Learning From Pathology Images With Multi-Directional Contrastive Predictive Coding},
	author={Carse, Jacob and Carey, Frank and McKenna, Stephen},
	booktitle={2021 IEEE 18th International Symposium on Biomedical Imaging (ISBI)},
	pages={1254--1258},
	year={2021},
	organization={IEEE}
}

@article{lake2015human,
	title={Human-level concept learning through probabilistic program induction},
	author={Lake, Brenden M and Salakhutdinov, Ruslan and Tenenbaum, Joshua B},
	journal={Science},
	volume={350},
	number={6266},
	pages={1332--1338},
	year={2015},
	publisher={American Association for the Advancement of Science}
}

@article{kramer1991nonlinear,
	title={Nonlinear principal component analysis using autoassociative neural networks},
	author={Kramer, Mark A},
	journal={AIChE journal},
	volume={37},
	number={2},
	pages={233--243},
	year={1991},
	publisher={Wiley Online Library}
}

@article{kullback1951information,
	title={On information and sufficiency},
	author={Kullback, Solomon and Leibler, Richard A},
	journal={The annals of mathematical statistics},
	volume={22},
	number={1},
	pages={79--86},
	year={1951},
	publisher={JSTOR}
}

@article{wei2020recent,
	title={Recent advances in variational autoencoders with representation learning for biomedical informatics: A survey},
	author={Wei, Ruoqi and Mahmood, Ausif},
	journal={Ieee Access},
	volume={9},
	pages={4939--4956},
	year={2020},
	publisher={IEEE}
}

@incollection{thiagarajan2020improving,
	title={Improving reliability of clinical models using prediction calibration},
	author={Thiagarajan, Jayaraman J and Venkatesh, Bindya and Rajan, Deepta and Sattigeri, Prasanna},
	booktitle={Uncertainty for Safe Utilization of Machine Learning in Medical Imaging, and Graphs in Biomedical Image Analysis},
	pages={71--80},
	year={2020},
	publisher={Springer}
}

@inproceedings{akrami2020brain,
	title={Brain lesion detection using a robust variational autoencoder and transfer learning},
	author={Akrami, Haleh and Joshi, Anand A and Li, Jian and Aydore, Sergul and Leahy, Richard M},
	booktitle={2020 IEEE 17th International Symposium on Biomedical Imaging (ISBI)},
	pages={786--790},
	year={2020},
	organization={IEEE}
}

@book{goodfellow2016deep,
	title={Deep learning},
	author={Goodfellow, Ian and Bengio, Yoshua and Courville, Aaron},
	year={2016},
	publisher={MIT press}
}

@article{kingma2013auto,
	title={Auto-encoding variational bayes},
	author={Kingma, Diederik P and Welling, Max},
	journal={arXiv preprint arXiv:1312.6114},
	year={2013}
}

@article{bengio2013generalized,
	title={Generalized denoising auto-encoders as generative models},
	author={Bengio, Yoshua and Yao, Li and Alain, Guillaume and Vincent, Pascal},
	journal={Advances in neural information processing systems},
	volume={26},
	year={2013}
}

@article{makhzani2013k,
	title={K-sparse autoencoders},
	author={Makhzani, Alireza and Frey, Brendan},
	journal={arXiv preprint arXiv:1312.5663},
	year={2013}
}

@article{bengio2013representation,
	title={Representation learning: A review and new perspectives},
	author={Bengio, Yoshua and Courville, Aaron and Vincent, Pascal},
	journal={IEEE transactions on pattern analysis and machine intelligence},
	volume={35},
	number={8},
	pages={1798--1828},
	year={2013},
	publisher={IEEE}
}

@inproceedings{xie2017aggregated,
	title={Aggregated residual transformations for deep neural networks},
	author={Xie, Saining and Girshick, Ross and Doll{\'a}r, Piotr and Tu, Zhuowen and He, Kaiming},
	booktitle={Proceedings of the IEEE conference on computer vision and pattern recognition},
	pages={1492--1500},
	year={2017}
}

@inproceedings{veeling2018rotation,
	title={Rotation equivariant CNNs for digital pathology},
	author={Veeling, Bastiaan S and Linmans, Jasper and Winkens, Jim and Cohen, Taco and Welling, Max},
	booktitle={International Conference on Medical image computing and computer-assisted intervention},
	pages={210--218},
	year={2018},
	organization={Springer}
}

@inproceedings{caron2018deep,
	author       =  "M. Caron and P. Bojanowski and A. Joulin and M. Douze",
	title        =  "Deep Clustering of Unsupervised Learning of Visual Features",
	booktitle    =  "The European Conference on Computer Vision",
	year         =  "2018",
	pages        =  "139-156",
	organization =  "Springer"
}

@inproceedings{caron2019unsupervised,
	author       =  "M. Caron and P. Bojanowski and J. Mairal and A. Joulin",
	title        =  "Unsupervised pre-training of image features on non-curated data",
	booktitle    =  "Proceedings of the IEEE International Conference on Computer Vision",
	year         =  "2019",
	pages        =  "2959-2968",
	organization =  "Institute of Electrical and Electronics Engineers"
}

@inproceedings{deng2009imagenet,
	author       =  "J. Deng and W. Dong and R. Socher and LJ. Li and K. Li and L. Fei-Fei",
	title        =  "Image{N}et: A Large-Scale,  Hierarchical Image Database",
	booktitle    =  "Conference on Computer Vision and Pattern Recognition",
	year         =  "2009",
	pages        =  "248-255",
	organization =  "Institute of Electrical and Electronics Engineers"
}

@article{ehteshami2017diagnostic,
	author       =  "B. Ehteshami Bejnordi and M. Veta and P. Johannes van Diest and B. van Ginneken and N. Karssemeijer and G. Litjens and J. van der Laa and CAMELYON16 Consortium",
	title        =  "Diagnostic Assessment of Deep Learning Algorithms for Detection of Lymph Node Metastases in Women With Breast Cancer",
	journal      =  "Journal of the American Medical Association",
	volume       =  "318",
	number       =  "22",
	pages        =  "2199-2210",
	year         =  "2017"
}

@article{litjens20181399,
	author       =  "G. Litjens and P. Bandi and B. E. Bejnordi and O. Geessink and M. Balkenhol and P. Bult and A. Halilovic and M. Hermsen and R. van de Loo and R. Vogels and Q. F. Manson and N. Stathonikos and A. Baidoshvili and P. van Diest and C. Wauters and M. van Dijk and J. van der Laak",
	title        =  "1399 {H}\&{E}-stained Sentinel Lymph Node Sections of Breast Cancer Patients: the {CAMELYON} Dataset",
	journal      =  "GigaScience",
	volume       =  "7",
	number       =  "6",
	pages        =  "",
	year         =  "2018",
	organization =  "Oxford University Press"
}

@inproceedings{gidaris2018unsupervised,
	author       =  "S. Gidaris and P. Singh and N. Komodakis",
	title        =  "Unsupervised Representation Learning by Predicting Image Rotations",
	booktitle    =  "International Conference on Learning Representation",
	year         =  "2018"
}

@inproceedings{he2020momentum,
	author       =  "K. He and H. Fan and Y. Wu and S. Xie and R. Girshick",
	title        =  "Momentum Contrast for Unsupervised Visual Representation Learning",
	booktitle    =  "Proceedings of the IEEE/CVF Conference on Computer Vision and Pattern Recognition",
	year         =  "2020",
	pages        =  "9729-9738",
	organization =  "Institute of Electrical and Electronics Engineers"
}

@article{henaff2019data,
	author       =  "O. H\'enaff and A. Srinivas and J. De Fauw and A. Razavi and C. Doersch and S.M. Ali Eslami and A. van den Oord",
	title        =  "Data-efficient Image Recognition with Contrastive Predictive Coding",
	journal      =  "arXiv preprint arXiv:1905.09272",
	year         =  "2019"
}

@article{madabhushi2016image,
	author       =  "A. Madabhushi and G. Lee",
	title        =  "Image Analysis and Machine Learning in Digital Pathology: Challenges and Opportunities",
	year         =  "2016",
	journal      =  "Medical Image Analysis",
	volume       =  "100",
	number       =  "33",
	pages        =  "170-175",
	organization =  "Elsevier"
}

@inproceedings{oord2016pixel,
	author       =  "A. van den Oord and N. Kalchbrenner and K. Kavukcuoglu",
	title        =  "Pixel Recurrent Neural Networks",
	booktitle    =  "Proceedings of the 33rd International Conference on Machine Learning",
	year         =  "2016",
	volume       =  "48",
	pages        =  "1747-1756",
	organization =  "Journal of Machine Learning Research"
}

@article{oord2018representation,
	author       =  "A. van den Oord and Y. Li and O. Vinyals",
	title        =  "Representation Learning with Contrastive Predictive Coding",
	journal      =  "arXiv preprint arXiv:1807.03748",
	year         =  "2018"
}

@article{thomme2016yfcc100m,
	author       =  "B. Thomee and D. Shamma and G. Friedland and B. Elizalde and K. Ni and D. Poland and B. Borth and L.J. Li",
	title        =  "{YFCC100M}: The New Data in Multimedia Research",
	year         =  "2016",
	journal      =  "Communications of the ACM",
	volume       =  "59",
	number       =  "2",
	pages        =  "64-73",
	organization =  "Association for Computing Machinery"
}

@inproceedings{veeling2018rotation,
	author       =  "B. Veeling and J. Linmans and J. Winkens and T. Cohen and M. Welling",
	title        =  "Rotation Equivariant {CNN}s for Digital Pathology",
	booktitle    =  "International Conference on Medical Image Computing and Computer-Assisted Intervention",
	pages        =  "210-218",
	year         =  "2018",
	organization =  "Springer"
}

@article{weiss2016survey,
	author       =  "K. Weiss and T. M. Khoshgoftaar and D. Wang",
	title        =  "A Survey of Transfer Learning",
	year         =  "2016",
	journal      =  "Journal of Big Data",
	volume       =  "3",
	number       =  "1",
	pages        =  "1-40",
	organization =  "Springer"
}

@inproceedings{xie2017aggregated,
	author       =  "S. Xie and R. Girshick and P. Doll{\'a}r and Z. Tu and K. He",
	title        =  "Aggregated Residual Transformations for Deep Neural Networks",
	booktitle    =  "Proceedings of the IEEE Conference on Computer Vision and Pattern Recognition",
	pages        =  "1492-1500",
	year         =  "2017",
	organization =  "Institute of Electrical and Electronics Engineers"
}

@article{kingma2014adam,
	author       =  "D. P. Kingma and J. Ba",
	title        =  "Adam: A Method for Stochastic Optimization",
	journal      =  "arXiv preprint arXiv:1412.6980",
	year         =  "2014"
}

@article{chang2017unsupervised,
	author       =  "H. Chang and J. Han and C. Zhong and A. M. Snijders and J. Mau",
	title        =  "Unsupervised transfer learning via multi-scale convolutional sparse coding for biomedical applications",
	journal      =  "IEEE Transactions on Pattern Analysis and Machine Intelligence",
	volume       =  "40",
	number       =  "5",
	pages        =  "1182-1194",
	year         =  "2017",
	publisher    =  "Institute of Electrical and Electronics Engineers"
}

@article{srinidhi2020deep,
	author       =  "C. Srinidhi and O. Ciga and A. Martel",
	title        =  "Deep neural network models for computational histopathology: A survey",
	journal      =  "Medical Image Analysis",
	volume       =  "67",
	pages        =  "101813",
	year         =  "2020",
	publisher    =  "Elsevier"
}

@inproceedings{bayramoglu2016transfer,
	author       =  "N. Bayramoglu and J. Heikkil{\"a}",
	title        =  "Transfer learning for cell nuclei classification in histopathology images",
	booktitle    =  "European Conference on Computer Vision",
	pages        =  "532-539",
	year         =  "2016",
	organization =  "Springer"
}

@article{hu2018unsupervised,
	author       =  "B. Hu and Y. Tang and E. I. Chang and Y. Fan and M. Lai and Y. Xu",
	title        =  "Unsupervised learning for cell-level visual representation in histopathology images with generative adversarial networks",
	journal      =  "IEEE Journal of Biomedical and Health Informatics",
	volume       =  "23",
	number       =  "3",
	pages        =  "1316-1328",
	year         =  "2018",
	publisher    =  "Institute of Electrical and Electronics Engineers"
}

@inproceedings{hou2016automatic,
	author       =  "L. Hou and K. Singh and D. Samaras and T. M. Kurc and Y. Gao and R. J. Seidman and J. H. Saltz",
	title        =  "Automatic histopathology image analysis with CNNs",
	booktitle    =  "2016 New York Scientific Data Summit (NYSDS)",
	pages        =  "1-6",
	year         =  "2016",
	organization =  "Institute of Electrical and Electronics Engineers"
}

@inproceedings{gutmann2010noise,
	title={Noise-contrastive estimation: A new estimation principle for unnormalized statistical models},
	author={Gutmann, Michael and Hyv{\"a}rinen, Aapo},
	booktitle={Proceedings of the thirteenth international conference on artificial intelligence and statistics},
	pages={297--304},
	year={2010},
	organization={JMLR Workshop and Conference Proceedings}
}

@article{bengio2008adaptive,
	title={Adaptive importance sampling to accelerate training of a neural probabilistic language model},
	author={Bengio, Yoshua and Sen{\'e}cal, Jean-S{\'e}bastien},
	journal={IEEE Transactions on Neural Networks},
	volume={19},
	number={4},
	pages={713--722},
	year={2008},
	publisher={IEEE}
}